%%%%%%%%%%%%%%%%%%%%%%%%%%%%%%%%%%%%%%%%%%%%55555
%% Sketching Interfaces 
@inproceedings{SutherlandSketchPad64,
	author = {Ivan E. Sutherland},
	title = {Sketch pad a man-machine graphical communication system},
	booktitle = {DAC},
	year = {1964}
}

@INPROCEEDINGS{Zeleznik-Sketch96,
	author = {Robert C. Zeleznik and Kenneth P. Herndon and John F. Hughes},
	title = {{SKETCH}: An Interface for Sketching 3D Scenes},
	booktitle = {Proc. SIGGRAPH},
	year = {1996},
	pages = {163--170}
}

@INPROCEEDINGS{Igarashi-teddy99,
	author = {Takeo Igarashi and Satoshi Matsuoka and Hidehiko Tanaka},
	title = {Teddy: A sketching interface for 3-D freeform design},
	booktitle = {Proc. SIGGRAPH},
	year = {1999},
	pages = {409--416}
}


@ARTICLE{Chen_sketchingreality08,
	author = {Xuejin Chen and Sing Bing Kang and Ying-qing Xu and Julie Dorsey},
	title = {Sketching reality: Realistic interpretation of architectural designs},
	journal = {ACM Trans. Graph.},
	volume = {27},
	number = {2},
	pages = {11:1-11:15},	
	year = {2008}
}

@ARTICLE{Chen09sketch2photo,
	author = {Tao Chen and Ming-ming Cheng and Ping Tan and Ariel Shamir and Shi-min Hu},
	title = {Sketch2{P}hoto: {I}nternet image montage},
	journal = {ACM Trans. Graph},
%	volume = {27},
%	number = {2},
	pages = {124:1-124:10},
	year = {2009}
}
