@InProceedings{Yin_2017_ICCV,
	author = {{Yin Xi} and {Yu Xiang} and {Sohn Kihyuk} and {Liu Xiaoming} and {Chandraker Manmohan}},
	title = {Towards Large-Pose Face Frontalization in the Wild},
	booktitle = {\textit{The IEEE International Conference on Computer Vision (ICCV)}},
	month = {Oct},
	year = {2017}
}

@InProceedings{Li_2017_CVPR,
	author = {{Li Yijun} and {Liu Sifei} and {Yang Jimei} and {Yang Ming-Hsuan}},
	title = {Generative Face Completion},
	booktitle = {\textit{The IEEE Conference on Computer Vision and Pattern Recognition (CVPR)}},
	month = {July},
	year = {2017}
}

@InProceedings{G_2017_ICIP,  
	author={G. {Antipov} and M. {Baccouche} and J. {Dugelay}},  
	booktitle={\textit{2017 IEEE International Conference on Image Processing (ICIP)}},   
	title={Face aging with conditional generative adversarial networks},   
	year={2017},  
	volume={},  
	number={},  
	pages={2089-2093}
}

@ARTICLE{ggfr,
	author={F. {Zhang} and T. {Zhang} and Q. {Mao} and C. {Xu}},
	journal={\textit{IEEE Transactions on Image Processing}}, 
	title={Geometry Guided Pose-Invariant Facial Expression Recognition}, 
	year={2020},
	volume={29},
	number={},
	pages={4445-4460}
}

@ARTICLE{attrgan,
	author={Z. {He} and W. {Zuo} and M. {Kan} and S. {Shan} and X. {Chen}},
	journal={\textit{IEEE Transactions on Image Processing}}, 
	title={AttGAN: Facial Attribute Editing by Only Changing What You Want}, 
	year={2019},
	volume={28},
	number={11},
	pages={5464-5478},}

@article{carigan,
	author    = {{Cao Kaidi} and {Liao Jing} and {Yuan Lu}},
	title     = {CariGANs: Unpaired Photo-to-Caricature Translation},
	journal   = {\textit{CoRR}},
	volume    = {abs/1811.00222},
	year      = {2018}
}

@inproceedings{beautygan,
	author    = {{Tingting Li} and
	{Ruihe Qian} and
	{Chao Dong} and
	{Si Liu} and
	Qiong Yan and
	Wenwu Zhu and
	Liang Lin},
	title     = {BeautyGAN: Instance-level Facial Makeup Transfer with Deep Generative
	Adversarial Network},
	booktitle = {\textit{Multimedia Conference on Multimedia Conference(MM)}},
	pages     = {645--653},
	year      = {2018}
}

@incollection{gan,
	title = {Generative Adversarial Nets},
	author = {{Goodfellow Ian} and {Pouget-Abadie Jean} and {Mirza Mehdi} and {Xu Bing} and Warde-Farley, David and Ozair, Sherjil and Courville, Aaron and Bengio, Yoshua},
	booktitle = {\textit{Advances in Neural Information Processing Systems(NIPS)}},
	pages = {2672--2680},
	year = {2014}
}

@article{cgan,
	title = {Conditional generative adversarial nets},
	author = {M. {Mirza} and S. {Osindero}},
	booktitle = {\textit{arXiv preprint arXiv:1411.1784}},
	year = {2014}
}

@InProceedings{pix2pix,
	author = {{Isola Phillip} and {Zhu Jun-Yan} and {Zhou Tinghui} and {Efros Alexei A.}},
	title = {Image-To-Image Translation With Conditional Adversarial Networks},
	booktitle = {\textit{The IEEE Conference on Computer Vision and Pattern Recognition (CVPR)}},
	month = {July},
	year = {2017}
}

@InProceedings{pix2pixhd,
	author = {{Wang Ting-Chun} and {Liu Ming-Yu} and {Zhu Jun-Yan} and {Tao Andrew} and {Kautz Jan} and {Catanzaro Bryan}},
	title = {High-Resolution Image Synthesis and Semantic Manipulation With Conditional GANs},
	booktitle = {\textit{The IEEE Conference on Computer Vision and Pattern Recognition (CVPR)}},
	month = {June},
	year = {2018}
}

@InProceedings{crn,
	author = {{Chen Qifeng} and {Koltun Vladlen}},
	title = {Photographic Image Synthesis With Cascaded Refinement Networks},
	booktitle = {\textit{The IEEE International Conference on Computer Vision (ICCV)}},
	month = {Oct},
	year = {2017}
}

@article{pggan,
	author    = {{Tero Karras} and
	{Timo Aila} and
	{Samuli Laine} and
	{Jaakko Lehtinen}},
	title     = {Progressive Growing of GANs for Improved Quality, Stability, and Variation},
	journal   = {\textit{CoRR}},
	volume    = {\textit{abs/1710.10196}},
	year      = {2017}
}

@InProceedings{instance_norm,
	author = {{Ulyanov Dmitry} and {Vedaldi Andrea} and {Lempitsky Victor}},
	title = {Improved Texture Networks: Maximizing Quality and Diversity in Feed-Forward Stylization and Texture Synthesis},
	booktitle = {\textit{The IEEE Conference on Computer Vision and Pattern Recognition (CVPR)}},
	month = {July},
	year = {2017}
}

